% Encoding: UTF-8

@Article{Meijer1992,
  author = {Peter B. L. Meijer},
  title =  {An Experimental System for Auditory Image Representations},
  year =   {1992}
}

@Article{Tanaka2012,
  author = {Atau Tanaka},
  title =  {The sound of photographic image},
  year =   {2012}
}
